@online{VDEK,
  author = {Daniel Baumann},
  title = {Nach der Wahl ist vor der Reform},
  year = 2013,
  url = {https://www.vdek.com/magazin/ausgaben/2013-0708/titel-wahl.html},
  urldate = {2019-07-09}
}

@online{ELISA,
  author = {Morgan Mathieu },
  title = {What are the differences between ELISA assay types?},
  year = 2017,
  url = {http://www.enzolifesciences.com/science-center/technotes/2017/april/what-are-the-differences-between-elisa-assay-types?/},
  urldate = {2019-07-09}
}

@online{Radon,
  author = {Piotr W. Dabrowski},
  title = {Eigene Abbildung auf Basis von Wikipedia},
  year = 2019,
  url = {https://en.wikipedia.org/wiki/Radon_transform},
  urldate = {2019-07-09}
}

@online{NGS,
  author = {Wellcome Sanger Institute},
  title = {DNA Pipelines Operations},
  year = 2019,
  url = {https://www.sanger.ac.uk/science/dna-pipelines-operations},
  urldate = {2019-07-09}
}

@online{LCMS,
  author = {IOCB Prague},
  title = {LC-MS Systems},
  year = 2015,
  url = {https://www.uochb.cz/web/structure/1069.html},
  urldate = {2019-07-09}
}

@online{PythonPulls,
  author = {Fabian Beuke},
  title = {GitHut},
  year = 2019,
  url = {https://madnight.github.io/githut/#/pull_requests/2019/2},
  urldate = {2019-07-09}
}

@online{PythonQuestions,
  author = {David Robinson},
  title = {The incredible growth of Python},
  year = 2017,
  url = {https://stackoverflow.blog/2017/09/06/incredible-growth-python/},
  urldate = {2019-07-09}
}

@online{LanguagesSalary,
  author = {Addison Williams},
  title = {The best paying and most in demand programming languages in 2019},
  year = 2019,
  url = {https://www.codeplatoon.org/the-best-paying-and-most-in-demand-programming-languages-in-2019/},
  urldate = {2019-07-09}
}
  
@online{GesundheitssystemLogo,
  author = {Marco Verch},
  title = {Das Gesundheitssystem ist krank},
  year = 2018,
  url = {https://www.flickr.com/photos/149561324@N03/39353263490},
  urldate = {2019-09-11}
}  
  
@book{SmartHealth,
  author = {Julia Zirfas},
  title = {Smart Health rechtsverträglich gestaltet},
  publisher = {Springer},
  year      = 2017,
  address   = {Heidelberg},
  isbn      = {978-3-658-18350-9}
}  

@online{HausarztVersorgung,
  author = {Kassenärztliche Bundesvereinigung},
  title = {Versorgungsgrade in den Planungsbereichen},
  year = 2017,
  url = {https://gesundheitsdaten.kbv.de/cms/html/17016.php},
  urldate = {2019-09-14}
}

@online{GesundheitKrankheitAlter,
  author = {Statistisches Bundesamt, Deutsches Zentrum für Altersfragen,  Robert Koch-Institut},
  title = {Gesundheit und Krankheit im Alter},
  year = 2011,
  url = {https://www.destatis.de/DE/Themen/Gesellschaft-Umwelt/Gesundheit/Gesundheitszustand-Relevantes-Verhalten/Publikationen/Downloads-Gesundheitszustand/gesundheit-krankheit-im-alter-5230003099004.html},
  urldate = {2019-07-09}
}

@online{ProgrammingLogo,
  author = {eignatik17},
  title = {Programming code screen},
  year = 2016,
  url = {https://pixabay.com/photos/programming-code-screen-java-1896158/},
  urldate = {2019-09-15}
}

@online{EinfuehrungLogo,
  author = {Louis M. Staudt},
  title = {Mouse cDNA Microarray},
  year = 2001,
  url = {https://visualsonline.cancer.gov/details.cfm?imageid=1849},
  urldate = {2019-09-15}
}

@online{gitbranching,
  author = {Vincent Driessen},
  title = {A successful Git branching model},
  year = 2010,
  url = {https://nvie.com/posts/a-successful-git-branching-model/},
  urldate = {2019-09-15}
}

@online{Implantateregister,
  author = {Bundesgesundheitsministerium},
  title = {Entwurf eines Gesetzes zur Errichtung des Implantateregisters Deutschland und zu weiteren Änderungen des Fünften Buches Sozialgesetzbuch},
  year = 2019,
  url = {https://www.bundesgesundheitsministerium.de/implantateregister-errichtungsgesetz.html},
  urldate = {2019-09-16}
}


@online{X,
  author = {},
  title = {},
  year = 2000,
  url = {},
  urldate = {2019-07-09}
}
